@unpublished{langevin.book,
author = {Philippe Langevin},
title = {Theorie et algorithmique des graphes},
year = {2021},
  note = {Visité: 21/02/2022}
}
@unpublished{comp.prog.book,
author = {Antti Laaksonen},
title = {Competitive Programmer’s Handbook},
year = {2018},
  note = {Visité: 21/02/2022}
}
@misc{dijkstra.wiki,
  key =  {Wikipedia},
  title = {Edsger Dijkstra},
  howpublished = {
    \url{https://fr.wikipedia.org/wiki/Edsger_Dijkstra}
  },
  note = {Visité: 21/02/2022}
}
@misc{dijkstra.algo.wiki,
  key  = {Wikipedia},
  title = {Algorithme de Dijkstra},
  howpublished = {
    \url{https://fr.wikipedia.org/wiki/Algorithme_de_Dijkstra}
  },
  note = {Visité: 21/02/2022}
}

@misc{example.web,
  key =  {CodinGame},
  title = {Dijkstra's Algorithm},
  howpublished = {
    \url{https://www.codingame.com/playgrounds/1608/shortest-paths-with-dijkstras-algorithm/dijkstras-algorithm}
  },
  note = {Visité: 21/02/2022}
}
@misc{zanotti.complex,
author = {Jean Pierre Zanotti},
  howpublished = {
    \url{http://zanotti.univ-tln.fr/ALGO/II/Asymptotiques.html}
  },
title = {Notations Asymtotiques},
note = {Visité: 21/02/2022}
}
